@misc{akita2025,
  author = {F. Akita},
  title = {Motivação: O diário de Henry Jones},
  howpublished = {\url{https://www.youtube.com/watch?v=ii5Q2fCl8C0&pp=ygURaGVucnkgam9uZXMgYWtpdGE%3D}},
  note = {Acesso em: 15 fev. 2025}
}

@misc{baratela2025,
  author       = {Daniele da Silva Baratela Martins Neto},
  title        = {Cálculo de Probabilidade 1 - Plano de Ensino 2025-1, Turma 2},
  note         = {Universidade de Brasília (UnB), Departamento de Matemática. Disponível mediante solicitação por e-mail: danielebaratela@unb.br.},
  year         = {2025}
}

@misc{rolla2025,
  author       = {Leonardo T. Rolla and Bernardo N. B. de Lima},
  title        = {Probabilidade},
  note         = {Disponível também em PDF: \url{https://www.ime.usp.br/~leorolla/papers/probabilidade.pdf}. Acesso em: 30 mar. 2025. Licença Creative Commons Atribuição-SemDerivações 4.0 Internacional.},
  howpublished = {\url{https://www.ime.usp.br/~leorolla/probabilidade/}}
}

@book{sheldon2009,
  author    = {Sheldon Ross},
  title     = {Probabilidade: um curso moderno com aplicações},
  year      = {2009},
  address   = {Porto Alegre},
  isbn      = {9788577806881},
  publisher = {Bookman}
}
