@misc{akita2025,
  author = {F. Akita},
  title = {Motivação: O diário de Henry Jones},
  howpublished = {\url{https://www.youtube.com/watch?v=ii5Q2fCl8C0&pp=ygURaGVucnkgam9uZXMgYWtpdGE%3D}},
  note = {Acesso em: 15 fev. 2025}
}

@misc{noethernonparametric,
  author = {Noether},
  title = {Motivação: O diário de Henry Jones},
  howpublished = {\url{https://www.youtube.com/watch?v=ii5Q2fCl8C0&pp=ygURaGVucnkgam9uZXMgYWtpdGE%3D}},
  note = {Acesso em: 15 fev. 2025}
}