@book{noethernonparametric,
  author = {Gottfried E. Noether},
  title = {Introduction to Statistics: The Nonparametric Way},
  series = {Springer Texts in Statistics},
  publisher = {Springer New York, NY},
  year = {1991},
  edition = {1},
  isbn = {978-0-387-97284-8},
  doi = {10.1007/978-1-4612-0943-0},
  url = {https://doi.org/10.1007/978-1-4612-0943-0},
  note = {Copyright Springer Science+Business Media New York 1991},
  pages = {XII, 415}
}